@inproceedings{festje,
 note = {\href{http://graphics.ucsd.edu/~henrik/papers/smoke/smoke.pdf}{direct link, last accessed Nov 24 2014}},
 author = {Fedkiw, Ronald and Stam, Jos and Jensen, Henrik Wann},
 title = {Visual Simulation of Smoke},
 booktitle = {Proceedings of the 28th Annual Conference on Computer Graphics and Interactive Techniques},
 series = {SIGGRAPH '01},
 year = {2001},
 isbn = {1-58113-374-X},
 pages = {15--22},
 numpages = {8},
 url = {http://doi.acm.org/10.1145/383259.383260},
 doi = {10.1145/383259.383260},
 acmid = {383260},
 publisher = {ACM},
 address = {New York, NY, USA},
 keywords = {Euler equations, Navier-Stokes equations, computational fluid dynamics, participating media, semi-Lagrangian methods, smoke, stable fluids, vorticity confinement},
}

@inproceedings{stam,
 note = {\href{http://www.autodeskresearch.com/pdf/ns.pdf}{direct link, last accessed Nov 24 2014}},
 author = {Stam, Jos},
 title = {Stable Fluids},
 booktitle = {Proceedings of the 26th Annual Conference on Computer Graphics and Interactive Techniques},
 series = {SIGGRAPH '99},
 year = {1999},
 isbn = {0-201-48560-5},
 pages = {121--128},
 numpages = {8},
 url = {http://dx.doi.org/10.1145/311535.311548},
 doi = {10.1145/311535.311548},
 acmid = {311548},
 publisher = {ACM Press/Addison-Wesley Publishing Co.},
 address = {New York, NY, USA},
 keywords = {Navier-Stokes, advected textures, animation of fluids, gaseous phenomena, implicit elliptic PDE solvers, interactive modeling, stable solvers},
}

@inproceedings{ngfeje,
 note = {\href{http://physbam.stanford.edu/~fedkiw/papers/stanford2002-02.pdf}{direct link, last accessed Nov 24 2014}},
 author = {Nguyen, Duc Quang and Fedkiw, Ronald and Jensen, Henrik Wann},
 title = {Physically Based Modeling and Animation of Fire},
 booktitle = {Proceedings of the 29th Annual Conference on Computer Graphics and Interactive Techniques},
 series = {SIGGRAPH '02},
 year = {2002},
 isbn = {1-58113-521-1},
 location = {San Antonio, Texas},
 pages = {721--728},
 numpages = {8},
 url = {http://doi.acm.org/10.1145/566570.566643},
 doi = {10.1145/566570.566643},
 acmid = {566643},
 publisher = {ACM},
 address = {New York, NY, USA},
 keywords = {blackbody radiation, chemical reaction, fire, flames, implicit surface, incompressible flow, smoke, stable fluids, vorticity confinement},
}

@INPROCEEDINGS{
	jiyoai,
	AUTHOR = "Jiao and Yonggan and Aimin",
	BOOKTITLE = {The Fifth International Conference on Advances in Computer-Human Interactions},
	PAGES = {1-6},
	TITLE = {{GPU} Based Burning Process Simulation},
	NOTE = {\href{http://www.thinkmind.org/download.php?articleid=achi_2012_1_10_20025&ei=kDVzVNPaC9WRuASv6YKACw&usg=AFQjCNGepFM61VV7LSM0f3aSgXRuL_C8MQ&sig2=Wzc7KUVt0Qp_9ZlL7w_ezg&bvm=bv.80185997,d.c2E&cad=rja}{direct link, last accessed Nov 24 2014}},
	YEAR = 2012
}

@article{liliansu,
 note = {\href{http://www.cs.rochester.edu/u/qliu/homepage_data/TVC2009_burning.pdf}{direct link, last accessed Nov 24 2014}},
 author = {Liu, Shiguang and Liu, Qiguang and An, Tai and Sun, Jizhou and Peng, Qunsheng},
 title = {Physically Based Simulation of Thin-shell Objects' Burning},
 journal = {Vis. Comput.},
 issue_date = {April 2009},
 volume = {25},
 number = {5-7},
 month = apr,
 year = {2009},
 issn = {0178-2789},
 pages = {687--696},
 numpages = {10},
 url = {http://dx.doi.org/10.1007/s00371-009-0344-2},
 doi = {10.1007/s00371-009-0344-2},
 acmid = {1536197},
 publisher = {Springer-Verlag New York, Inc.},
 address = {Secaucus, NJ, USA},
 keywords = {Burning, Deformation, Physically based modeling, Spreading model, Thin-shell objects},
}

@article{loirgufe,
 author = {Losasso, Frank and Irving, Geoffrey and Guendelman, Eran and Fedkiw, Ron},
 title = {Melting and Burning Solids into Liquids and Gases},
 journal = {IEEE Transactions on Visualization and Computer Graphics},
 issue_date = {May 2006},
 volume = {12},
 number = {3},
 month = may,
 year = {2006},
 issn = {1077-2626},
 pages = {343--352},
 numpages = {10},
 url = {http://dx.doi.org/10.1109/TVCG.2006.51},
 doi = {10.1109/TVCG.2006.51},
 acmid = {1128750},
 publisher = {IEEE Educational Activities Department},
 address = {Piscataway, NJ, USA},
 keywords = {Eulerian grid, Lagrangian mesh, Physically-based modeling, Physically-based modeling, melting, burning, solid, liquid, gas, phase change, Lagrangian mesh, Eulerian grid, adaptive mesh., adaptive mesh., burning, gas, liquid, melting, phase change, solid},
 note = {\href{http://physbam.stanford.edu/~fedkiw/papers/stanford2005-08.pdf}{direct link, last accessed Nov 24 2014}},
}

@PHDTHESIS{
	melek,
	AUTHOR = "Melek, Z.",
	TITLE = "{Interactive Simulation of Fire, Burn and Decomposition}",
	YEAR = 2007,
	MONTH = 12,
	SCHOOL = {Texas A \& M University},
	NOTE = {\href{http://research.cs.tamu.edu/keyser/Papers/MelekDissertation.pdf}{direct link, last accessed Nov 24 2014}}
}

@ARTICLE{
	sethian,
	AUTHOR = "Sethian, J. A.",
	TITLE = "{A fast marching level set method for monotonically advancing fronts}",
	BOOKTITLE = {Proc. National Academy of Sciences, USA},
	VOLUME = 93,
	PAGES = "1591-1595",
	NOTE = {\href{https://www.ljll.math.upmc.fr/frey/ftp/M5105/Sethian\%20J.A.,\%20A\%20fast\%20marching\%20level\%20set\%20method\%20for\%20monotonically\%20advancing\%20fronts.pdf}{direct link, last accessed Nov 24 2014}},
	YEAR = 1996
}

@article{ghost,
 author = {Fedkiw, Ronald P. and Aslam, Tariq and Merriman, Barry and Osher, Stanley},
 title = {A Non-oscillatory Eulerian Approach to Interfaces in Multimaterial Flows (the Ghost Fluid Method)},
 journal = {J. Comput. Phys.},
 issue_date = {July 1, 1999},
 volume = {152},
 number = {2},
 month = jul,
 year = {1999},
 issn = {0021-9991},
 pages = {457--492},
 numpages = {36},
 url = {http://dx.doi.org/10.1006/jcph.1999.6236},
 doi = {10.1006/jcph.1999.6236},
 acmid = {329653},
 publisher = {Academic Press Professional, Inc.},
 address = {San Diego, CA, USA},
 note = {\href{http://public.lanl.gov/aslam/cam98-17.pdf}{direct link, last accessed Nov 24 2014}},
} 

@MISC{
	dalling,
	AUTHOR = "Dalling, T.",
	TITLE = "{Modern {OpenGL}}",
	YEAR = 2012,
	NOTE = {\href{http://www.tomdalling.com/blog/category/modern-opengl/}{direct link, last accessed Nov 24 2014}}
}

@MISC{
	harsha,
	AUTHOR = "Kode, H.",
	TITLE = "{Simulating sand-water interaction at the beach - {RnD Project Report}}",
	HOWPUBLISHED = "IIT Bombay",
	YEAR = {2014}
}

@ARTICLE{
	shewchuk,
	AUTHOR = {Jonathan Richard Shewchuk},
	TITLE = {Triangle: Engineering a 2D Quality Mesh Generator and Delaunay Triangulator},
	VOLUME = 1148,
	JOURNAL = {Lecture Notes in Computer Science},
	PAGES = {203-222},
	PUBLISHER = {Springer-Verlag, Berlin},
	YEAR = 1996,
	MONTH = 5,
	NOTE = {\href{http://www.cs.cmu.edu/~quake/triangle.html}{project homepage, last accessed Nov 24 2014}}
}

@MISC{mantaflow, 
     AUTHOR = {Tobias Pfaff and Nils Thuerey}, 
     TITLE = {{MantaFlow}}, 
     YEAR = {2013}, 
     NOTE = {\href{http://mantaflow.com}{project homepage, last accessed Nov 24 2014}}
}

@article{stomahkin,
 author = {Stomakhin, Alexey and Schroeder, Craig and Jiang, Chenfanfu and Chai, Lawrence and Teran, Joseph and Selle, Andrew},
 title = {Augmented MPM for Phase-change and Varied Materials},
 journal = {ACM Trans. Graph.},
 issue_date = {July 2014},
 volume = {33},
 number = {4},
 month = jul,
 year = {2014},
 issn = {0730-0301},
 pages = {138:1--138:11},
 articleno = {138},
 numpages = {11},
 url = {http://doi.acm.org/10.1145/2601097.2601176},
 doi = {10.1145/2601097.2601176},
 acmid = {2601176},
 publisher = {ACM},
 address = {New York, NY, USA},
 keywords = {freezing, lava, material point, melting, physically-based modeling},
 note = {\href{https://www.math.ucla.edu/~jteran/papers/SSJCTS14.pdf}{direct link, last accessed Nov 24 2014}}
}

@article{snow,
 author = {Stomakhin, Alexey and Schroeder, Craig and Chai, Lawrence and Teran, Joseph and Selle, Andrew},
 title = {A Material Point Method for Snow Simulation},
 journal = {ACM Trans. Graph.},
 issue_date = {July 2013},
 volume = {32},
 number = {4},
 month = jul,
 year = {2013},
 issn = {0730-0301},
 pages = {102:1--102:10},
 articleno = {102},
 numpages = {10},
 url = {http://doi.acm.org/10.1145/2461912.2461948},
 doi = {10.1145/2461912.2461948},
 acmid = {2461948},
 publisher = {ACM},
 address = {New York, NY, USA},
 keywords = {material point, physically-based modeling, snow simulation},
 note = {\href{https://www.math.ucla.edu/~jteran/papers/SSCTS13.pdf}{direct link, last accessed Nov 24 2014}}
}

@misc{dmorris,
	author = {Morris, Dan},
	title = {Dan Morris' Notes on Stable Fluids (Jos Stam, SIGGRAPH 1999)},
	note = {\href{https://www.techhouse.org/~dmorris/projects/summaries/dmorris.stable_fluids.notes.pdf}{direct link, last accessed Nov 29 2014}}
}

@misc{caltech,
	author = {Peter Schr\"oder},
	title = "{Stable Fluids Demo}",
	note = {\href{www.multires.caltech.edu/teaching/demos/java/stablefluids.htm}{direct link, last accessed Nov 29 2014}}
}

% http://dl.acm.org/citation.cfm?id=566643
% http://dl.acm.org/citation.cfm?id=383260
% http://dl.acm.org/citation.cfm?id=1536197
% http://dl.acm.org/citation.cfm?id=1128750
% http://dl.acm.org/citation.cfm?id=329653
% http://dl.acm.org/citation.cfm?id=311548
% useful: http://ctan.imsc.res.in/biblio/bibtex/base/btxdoc.pdf